<?xml version="1.0" encoding="UTF-8"?><collection xmlns="http://www.loc.gov/MARC21/slim"><record><leader>00408nam--2200157-i-4500</leader><controlfield tag="001">000015404</controlfield><controlfield tag="002">20161230</controlfield><controlfield tag="005">20170304150407</controlfield><controlfield tag="008">060222s1000------------r-----000-0-eng-d</controlfield><datafield ind1=" " ind2=" " tag="100"><subfield code="a">Cetina, Florin</subfield></datafield><datafield ind1=" " ind2=" " tag="245"><subfield code="a">Prelucrarea numerica a semnalului vocal</subfield></datafield><datafield ind1=" " ind2=" " tag="260"><subfield code="a">Bucuresti</subfield><subfield code="b">Editura Militara</subfield><subfield code="c">1984</subfield></datafield><datafield ind1=" " ind2=" " tag="300"><subfield code="a">263 p</subfield></datafield><datafield ind1=" " ind2=" " tag="700"><subfield code="a">Podaru, Valentin</subfield></datafield><datafield ind1=" " ind2=" " tag="852"><subfield code="a">519.69:681.3</subfield></datafield><datafield ind1=" " ind2=" " tag="CAT"><subfield code="a">SYS</subfield><subfield code="c">20170304</subfield><subfield code="h">150407</subfield></datafield></record></collection>